% Encoding: UTF-8

@Article{tevatron,
  author  = {Stephen Holmes and Ronald S Moore and Vladimir Shiltsev},
  title   = {Overview of the {Tevatron} collider complex: goals, operations and performance},
  journal = {Journal of Instrumentation},
  year    = {2011},
  volume  = {6},
  number  = {08},
  pages   = {T08001},
  url     = {http://stacks.iop.org/1748-0221/6/i=08/a=T08001},
}

@Book{lhc_design,
  title     = {{{LHC} Design Report}},
  publisher = {CERN},
  year      = {2004},
  author    = {Br√ºning, Oliver Simon and Collier, Paul and Lebrun, P and Myers, Stephen and Ostojic, Ranko and Poole, John and Proudlock, Paul},
  series    = {CERN Yellow Reports: Monographs},
  address   = {Geneva},
  url       = {https://cds.cern.ch/record/782076},
}

@TechReport{fcc_param_2017,
  author       = {Benedikt, Michael and Zimmermann, Frank},
  title        = {{Future Circular Colliders}},
  institution  = {CERN},
  year         = {2015},
  number       = {CERN-ACC-2015-0164},
  address      = {Geneva},
  month        = {Jul},
  reportnumber = {CERN-ACC-2015-0164},
  url          = {https://cds.cern.ch/record/2110736},
}

@Online{helreview_valentino,
  author   = {Valentino, Gianluca},
  title    = {What did we learn about halo population during {MD}s and regular operation?},
  year     = {2016},
  note     = {Review of the needs for a hollow e-lens for the {HL-LHC}},
  keywords = {electron lens, review},
  url      = {https://indico.cern.ch/event/567839/timetable/#20161006},
}

@Online{helreview_bruce,
  author   = {Bruce, Roderik},
  title    = {Alternative methods for halo depletion (damper, tune modulation, and wire), long range beam-beam and comparison of their performance/reliability to that of a hollow electron lens.},
  year     = {2016},
  note     = {Review of the needs for a hollow e-lens for the {HL-LHC}},
  keywords = {electron lens, halo control, review},
  url      = {https://indico.cern.ch/event/567839/timetable/#20161006},
}

@Online{helreview,
  title        = {Review on the needs for a hollow e-lens for the {HL-LHC}},
  month        = {October},
  year         = {2016},
  keywords     = {electron lens, review},
  organization = {CERN},
  url          = {https://indico.cern.ch/event/567839/},
}

@Article{hel_tevatron_stancari,
  author    = {Stancari, G. and Valishev, A. and Annala, G. and Kuznetsov, G. and Shiltsev, V. and Still, D. A. and Vorobiev, L. G.},
  title     = {Collimation with Hollow Electron Beams},
  journal   = {Phys. Rev. Lett.},
  year      = {2011},
  volume    = {107},
  pages     = {084802},
  month     = {Aug},
  issue     = {8},
  keywords  = {electron lens, tevatron},
  numpages  = {5},
  publisher = {American Physical Society},
  url       = {http://link.aps.org/doi/10.1103/PhysRevLett.107.084802},
}

@Article{hel_tevatron_abortgap_zhang,
  author    = {Zhang, Xiao-Long and Bishofberger, Kip and Kamerdzhiev, Vsevolod and Lebedev, Valery and Shiltsev, Vladimir and Thurman-Keup, Randy and Tollestrup, Alvin},
  title     = {Generation and diagnostics of uncaptured beam in the {Fermilab} {Tevatron} and its control by electron lenses},
  journal   = {Phys. Rev. ST Accel. Beams},
  year      = {2008},
  volume    = {11},
  pages     = {051002},
  month     = {May},
  issue     = {5},
  keywords  = {electron lens, tevatron, abort gap},
  numpages  = {11},
  publisher = {American Physical Society},
  url       = {http://link.aps.org/doi/10.1103/PhysRevSTAB.11.051002},
}

@Comment{jabref-meta: databaseType:bibtex;}
