% --- journal abbreviations ---

@string{aipconf = "AIP Conf.\ Proc."}
@string{ieeeplasma = "IEEE Trans.\ Plasma Sci."}
@string{jinst = "JINST"}
@string{jkps = "J.\ Korean Phys.\ Soc."}
@string{nima = "Nucl.\ Instrum.\ Methods Phys.\ Res.\ A"}
@string{pop = "Physics of Plasmas"}
@string{prl = "Phys.\ Rev.\ Lett."}
@string{prab = "Phys.\ Rev.\ Accel.\ Beams"}
@string{prstab = "Phys.\ Rev.\ ST Accel.\ Beams"}


% --- bibliographic entries ---

@PhdThesis{Trad:PhD:2015,
  author =	 {Trad, G.},
  title =	 {Development and Optimisation of the {SPS} and {LHC}
                  Beam Diagnostics Based on Synchrotron Radiation
                  Monitors},
  school =	 {Universit\'e de Grenoble, France},
  year =	 2015,
  url =		 {http://cds.cern.ch/record/2266055},
  reportnumber = {CERN-THESIS-2014-390}
}

@book{Davidson:nonneutral-plasmas:2001,
  Author =	 {Davidson, Ronald C.},
  Isbn =	 1860943020,
  Publisher =	 {World Scientific},
  Title =	 {Physics of Nonneutral Plasmas},
  Year =	 2001
}

@article{Jo:PoP:2018,
  author =	 {Y. H. Jo and J. S. Kim and G. Stancari and M. Chung
                  and H. J. Lee},
  title =	 {Control of the Diocotron Instability of a Hollow
                  Electron Beam with Periodic Dipole Magnets},
  journal =	 pop,
  volume =	 25,
  number =	 1,
  pages =	 011607,
  year =	 2018,
  doi =		 {10.1063/1.5018425},
  url =		 {https://doi.org/10.1063/1.5018425}
}

@article{Shiltsev:PRSTAB:2008,
  author =	 {Shiltsev, V. and Bishofberger, K. and Kamerdzhiev,
                  V. and Kozub, S. and Kufer, M. and Kuznetsov, G. and
                  Martinez, A. and Olson, M. and Pfeffer, H. and
                  Saewert, G. and Scarpine, V. and Seryi, A. and
                  Solyak, N. and Sytnik, V. and Tiunov, M. and
                  Tkachenko, L. and Wildman, D. and Wolff, D. and
                  Zhang, X.-L.},
  Title =	 {{T}evatron Electron Lenses: Design and Operation},
  Doi =		 {10.1103/PhysRevSTAB.11.103501},
  Issue =	 10,
  Journal =	 prstab,
  Month =	 oct,
  Numpages =	 19,
  Pages =	 103501,
  Publisher =	 {American Physical Society},
  Url =          {https://link.aps.org/doi/10.1103/PhysRevSTAB.11.103501},
  Volume =	 11,
  Year =	 2008
}

@article{Fischer:PRL:2015,
  Author =	 {Fischer, W. and Gu, X. and Altinbas, Z. and
                  Costanzo, M. and Hock, J. and Liu, C. and Luo,
                  Y. and Marusic, A. and Michnoff, R. and Miller,
                  T. A. and Pikin, A. I. and Schoefer, V. and
                  Thieberger, P. and White, S. M.},
  Title =	 {Operational Head-on Beam-Beam Compensation with
                  Electron Lenses in the {R}elativistic {H}eavy {I}on
                  {C}ollider},
  Doi =		 {10.1103/PhysRevLett.115.264801},
  Issue =	 26,
  Journal =	 prl,
  Month =	 dec,
  Numpages =	 5,
  Pages =	 264801,
  Publisher =	 {American Physical Society},
  Url =          {http://link.aps.org/doi/10.1103/PhysRevLett.115.264801},
  Volume =	 115,
  Year =	 2015
}

@book{Shiltsev:elens-book:2016,
  Author =	 {Shiltsev, Vladimir D.},
  Title =	 {Electron Lenses for Super-Colliders},
  Isbn =	 {9781493933150, 9781493933174},
  Publisher =	 {Springer},
  Year =         2016,
  doi =          {10.1007/978-1-4939-3317-4},
  Url =		 {https://dx.doi.org/10.1007/978-1-4939-3317-4}
}

@article{tevatron,
  Author =	 {Holmes, S. and Moore, R. S. and Shiltsev, V.},
  Title =	 {Overview of the {T}evatron Collider Complex: Goals,
                  Operations and Performance},
  Journal =	 jinst,
  Number =	 08,
  Pages =	 {T08001},
  Volume =	 6,
  Year =	 2011,
  doi =          {10.1088/1748-0221/6/08/T08001},
  Url =		 {http://stacks.iop.org/1748-0221/6/i=08/a=T08001}
}

@book{lhc_design,
  editor =	 {Br\"{u}ning, O. S. and Collier, P. and Lebrun,
                  P. and Myers, S. and Ostojic, R. and Poole, J. and
                  Proudlock, P.},
  Title =	 {{LHC} Design Report},
  publisher =	 {CERN},
  Year =	 2004,
  volume =	 1,
  number =	 {CERN-2004-003-V-1},
  series =	 {Yellow Reports: Monographs},
  Address =	 {Geneva, Switzerland},
  Url =		 {https://cds.cern.ch/record/782076},
  doi =		 {10.5170/CERN-2004-003-V-1},
  isbn =	 {9290832240, 9789290832249}
}

@techreport{fcc_param_2017,
  Author =	 {Benedikt, M. and Zimmermann, F.},
  Title =	 {Future Circular Colliders},
  Address =	 {Geneva, Switzerland},
  Institution =	 {CERN},
  Month =	 jul,
  Number =	 {CERN-ACC-2015-0164},
  Year =	 2015,
  Url =		 {https://cds.cern.ch/record/2110736}
}

@article{Benedikt:JKPS:2016,
  author = {Benedikt, M. and Zimmermann, F.},
  title = {Towards Future Circular Colliders},
  journal = jkps,
  year = 2016,
  volume = 69,
  number = 6,
  pages = 893,
  doi = {10.3938/jkps.69.893},
  url = {https://doi.org/10.3938/jkps.69.893}
}

@inproceedings{Benedikt:IPAC:2018,
  author       = {Benedikt, M. and Zimmermann, F.},
  title        = {{FCC}: Colliders at the Energy Frontier},
  crossref     = {ipac18},
  pages        = {2908--2913},
  year         = 2018,
  doi          = {10.18429/JACoW-IPAC2018-THYGBD1},
  url          = {https://doi.org/10.18429/JACoW-IPAC2018-THYGBD1}
}

@inproceedings{helreview_valentino,
  Author =	 {Valentino, G.},
  Title =	 {What Did We Learn About Halo Population During {MD}s
                  and Regular Operation?},
  crossref =	 {helreview},
  url =          {https://indico.cern.ch/event/567839/contributions/2295258/attachments/1349453/2036619/Halo_MDs_operation_HEL_Review_20161006.pdf}
}

@inproceedings{helreview_bruce,
  Author =	 {Bruce, R.},
  Title =	 {Alternative Methods for Halo Depletion (Damper, Tune
                  Modulation, and Wire), Long-Range Beam-Beam and
                  Comparison of their Performance / Reliability to
                  That of a Hollow Electron Lens},
  crossref =	 {helreview},
  url =          {https://indico.cern.ch/event/567839/contributions/2297857/attachments/1350120/2038741/2016.10.07-hollow_eLens_review--Alternative_methods.pptx}
}

@article{hel_tevatron_stancari,
  Author =	 {Stancari, G. and Valishev, A. and Annala, G. and
                  Kuznetsov, G. and Shiltsev, V. and Still, D. A. and
                  Vorobiev, L. G.},
  Title =	 {Collimation with Hollow Electron Beams},
  Issue =	 8,
  Journal =	 prl,
  Month =	 aug,
  Numpages =	 5,
  Pages =	 084802,
  Publisher =	 {American Physical Society},
  Volume =	 107,
  Year =	 2011,
  doi =		 {10.1103/PhysRevLett.107.084802},
  url =		 {https://dx.doi.org/10.1103/PhysRevLett.107.084802}
}

@article{hel_tevatron_abortgap_zhang,
  Author =	 {Zhang, X.-L. and Bishofberger, K. and Kamerdzhiev,
                  V. and Lebedev, V. and Shiltsev, V. and
                  Thurman-Keup, R. and Tollestrup, A.},
  Title =	 {Generation and Diagnostics of Uncaptured Beam in the
                  {F}ermilab {T}evatron and its Control by Electron
                  Lenses},
  Issue =	 5,
  Journal =	 prstab,
  Month =	 may,
  Numpages =	 11,
  Pages =	 051002,
  Publisher =	 {American Physical Society},
  Volume =	 11,
  Year =	 2008,
  doi =		 {10.1103/PhysRevSTAB.11.051002},
  Url =		 {https://dx.doi.org/10.1103/PhysRevSTAB.11.051002}
}

@techreport{hel_cdr,
  Author =	 {Stancari, G. and Previtali, V. and Valishev, A. and
                  Bruce, R. and Redaelli, S. and Rossi, A. and
                  Salvachua Ferrando, B.},
  Title =	 {Conceptual Design of Hollow Electron Lenses for Beam
                  Halo Control in the {L}arge {H}adron {C}ollider},
  Number =	 {FERMILAB-TM-2572-APC, CERN-ACC-2014-0248},
  Institution =	 {Fermilab and CERN},
  Month =	 feb,
  Year =	 2015,
  Eprint =	 {1405.2033},
  Primaryclass = {physics.acc-ph},
  Archiveprefix ={arXiv},
  Url =		 {https://arxiv.org/abs/1405.2033}
}

@inproceedings{hel_model_polynomial_morozov,
  Author =	 {Morozov, I. A. and Stancari, G. and Valishev, A. and
                  Shatilov, D. N.},
  Title =	 {Simulation of Hollow Electron Beam Collimation in
                  the {Fermilab} {Tevatron} Collider},
  Pages =	 {94--96},
  number =	 {FERMILAB-CONF-12-126-APC},
  url =          {http://accelconf.web.cern.ch/AccelConf/IPAC2012/papers/moeppb008.pdf},
  crossref =	 {ipac12}
}


@techreport{hel_bends_stancari,
  Author =	 {Stancari, G.},
  Title =	 {Calculation of the Transverse Kicks Generated by the
                  Bends of a Hollow Electron Lens},
  Number =	 {FERMILAB-FN-0972-APC},
  Institution =	 {Fermilab},
  Month =	 mar,
  Year =	 2014,
  Archiveprefix ={arXiv},
  Eprint =	 {1403.6370},
  Primaryclass = {physics.acc-ph},
  Url =		 {https://arxiv.org/abs/1403.6370}
}

@techreport{md_sim_hel_res_ex_fitterer,
  Author =	 {Fitterer, M. and Stancari, G. and Valishev, A.},
  Title =	 {Effect of Pulsed Hollow Electron-Lens Operation on
                  the Proton Beam Core in {LHC}},
  Number =	 {FERMILAB-TM-2635-AD},
  Institution =	 {Fermilab},
  Month =	 oct,
  Year =	 2016,
  Url =		 {http://inspirehep.net/record/1496416}
}

@inproceedings{noise_2007_ohmi,
  Author =	 {Ohmi, K. and Calaga, R. and Tom{\'{a}}s, R. and
                  H{\"{o}}fle, W. and Zimmermann, F.},
  Title =	 {Beam-Beam Effects with an External Noise in {LHC}},
  Pages =	 1496,
  Year =	 2007,
  url =          {http://accelconf.web.cern.ch/AccelConf/p07/PAPERS/TUPAN048.PDF},
  crossref =	 {pac07}
}


@article{noise_alexahin_lhc,
  Author =	 {Alexahin, Y. I.},
  Title =	 {On the Emittance Growth Due to Noise in Hadron
                  Colliders and Methods of Its Suppression},
  Journal =	 nima,
  Number =	 1,
  Pages =	 {73--76},
  Volume =	 391,
  Year =	 1997,
  doi =		 {10.1016/S0168-9002(96)01190-4},
  Url =          {https://www.sciencedirect.com/science/article/pii/S0168900296011904}
}

@article{noise_lebedev_ssc,
  Author =	 {Lebedev, V. A.},
  Title =	 {Emittance Growth Due to Noise and Its Suppression
                  with the Feedback System in Large Hadron Colliders},
  Journal =	 aipconf,
  Number =	 {SSCL-PREPRINT-188},
  Pages =	 {396--423},
  Volume =	 326,
  Year =	 1995,
  doi =		 {10.1063/1.47298},
  Url =		 {https://dx.doi.org/10.1063/1.47298}
}

@inproceedings{noise_2014_ohmi,
  Author =	 {Ohmi, K.},
  Title =	 {Beam-Beam Effects under the Influence of External
                  Noise},
  Year =	 2014,
  Pages =	 {69--74},
  doi =		 {10.5170/CERN-2014-004.69},
  url =		 {https://dx.doi.org/10.5170/CERN-2014-004.69},
  Archiveprefix ={arXiv},
  Eprint =	 {1410.4092},
  Primaryclass = {physics.acc-ph},
  crossref =	 {bb2013}
}

@techreport{md_noise_bbLHC,
  Author =	 {Barranco Garcia, J. and Buffat, X. and Pieloni,
                  T. and Tambasco, C. and Trad, G. and Valuch, D. and
                  Betz, M. and Wendt, M. and Pojer, M. and Solfaroli
                  Camillocci, M. and Salvachua Ferrando, B.  M. and
                  Fuchsberger, K. and Albert, M.  and Qiang, J.},
  Title =	 {{MD} 400: {LHC} Emittance Growth in Presence of an
                  External Source of Noise during Collision},
  Month =	 jan,
  institution =	 {CERN},
  Year =	 2016,
  number =	 {CERN-ACC-NOTE-2016-0020},
  Url =		 {https://cds.cern.ch/record/2125228}
}

@techreport{md1433_noise_top_energy,
  Author =	 {Buffat, X. and Biancacci, N. and Furuseth, S. V. and
                  Jacquet, D. and Metral, E. and Pellegrini, D. and
                  Pojer, M. and Trad, G. and Valuch, D. and Barranco
                  Garcia, J. and Pieloni, T. and Tambasco, C. and Li,
                  Q.},
  Title =	 {Probing the Behaviour of High Brightness Bunches in
                  Collision at 6.5~{TeV} and the Interplay with an
                  External Source of Noise ({MD} 1433)},
  institution =	 {CERN},
  Year =	 2017,
  Month =	 apr,
  number =	 {CERN-ACC-NOTE-2017-0030},
  Url =		 {https://cds.cern.ch/record/2261037}
}

@article{Friedman:IEEE-plasma:2014,
  author =	 {A. Friedman and R. H. Cohen and D. P. Grote and
                  S. M. Lund and W. M. Sharp and J. L. Vay and
                  I. Haber and R. A. Kishek},
  journal =	 ieeeplasma,
  title =	 {Computational Methods in the {W}arp Code Framework
                  for Kinetic Simulations of Particle Beams and
                  Plasmas},
  year =	 {2014},
  volume =	 {42},
  number =	 {5},
  pages =	 {1321--1334},
  doi =		 {10.1109/TPS.2014.2308546},
  ISSN =	 {0093-3813},
  month =	 may
}

@manual{warp,
  Title =	 {The \code{warp} particle-in-cell code},
  address =	 {\url{http://warp.lbl.gov} [Online; accessed
                  21-Mar-2018]},
  organization = {Lawrence Berkeley National Laboratory}
}

@inproceedings{helhcparam2011,
  Author =	 {Br{\"{u}}ning, O. and Dominguez, O. and Myers,
                  S. and Rossi, L. and Todesco, E. and Zimmermann, F.},
  Title =	 {{HE-LHC} Beam Parameters, Optics and Beam-Dynamics
                  Issues},
  Year =	 2011,
  pages =	 {7--12},
  doi =		 {10.5170/CERN-2011-003.7},
  url =		 {https://dx.doi.org/10.5170/CERN-2011-003.7},
  Archiveprefix ={arXiv},
  Eprint =	 {1108.1617},
  Primaryclass = {physics.acc-ph},
  crossref =	 {eucard:2010}
}


@InProceedings{Wenninger:IPAC:2017,
  author =	 {Wenninger, J.},
  title =	 {Approaching Nominal Performance at {LHC}},
  year =	 {2017},
  pages =	 {13-18},
  doi =		 {10.18429/JACoW-IPAC2017-MOYAA1},
  url =		 {https://dx.doi.org/10.18429/JACoW-IPAC2017-MOYAA1},
  crossref =	 {ipac17}
}


@book{hlcdr,
  editor =	 {Apollinari, G. and B{\'{e}}jar Alonso, I. and
                  Br{\"{u}}ning, O. and Fessia, P. and Lamont, M. and
                  Rossi, L. and Tavian, L.},
  Title =	 {High-Luminosity {L}arge {H}adron {C}ollider
                  ({HL-LHC}): Technical Design Report V.~0.1},
  Publisher =	 {CERN},
  Address =	 {Geneva, Switzerland},
  Series =	 {Yellow Reports: Monographs},
  Year =	 2017,
  number =	 {CERN-2017-007-M},
  isbn =	 {9789290834700, 9789290834717},
  doi =		 {10.23731/CYRM-2017-004},
  Url =		 {https://cds.cern.ch/record/2284929}
}

@misc{hlv13,
  Title =	 {{LHC} Optics Web: {HLLHCV1.3} --- Collision Round
                  15~cm Optics},
  howpublished = {\url{http://abpdata.web.cern.ch/abpdata/lhc_optics_web/www/hllhc13/round15/index.html} [Online; accessed 22-Mar-2018]},
  url =          {http://abpdata.web.cern.ch/abpdata/lhc_optics_web/www/hllhc13/round15/index.html}
}

@techreport{bsrtprofinj,
  Author =	 {Fitterer, M. and Stancari, G.},
  Title =	 {Analysis of {BSRT} Profiles in the {LHC} at
                  Injection},
  Institution =	 {Fermilab},
  Month =	 jul,
  Number =	 {FERMILAB-TM-2657-AD-APC},
  Year =	 2017
}

@techreport{resexmd2016,
  Author =	 {Fitterer, M. and Stancari, G. and Valishev, A. and
                  Bruce, R. and Papadopoulou, P. S. and Papotti,
                  G. and Pellegrini, D. and Redaelli, S. and Trad,
                  G. and Valuch, D. and Valentino, G. and Wagner,
                  J. and Xu, C.},
  Title =	 {Effect of a Resonant Excitation on the Evolution of
                  the Beam Emittance and Halo Population},
  institution =	 {CERN},
  Year =	 2016,
  Month =	 may,
  number =	 {CERN-ACC-NOTE-2017-0037},
  Url =		 {https://cds.cern.ch/record/2264616}
}

@inproceedings{lifetrac,
  Author =	 {Shatilov, D. N. and Alexahin, Y. and Lebedev, V. and
                  Valishev, A.},
  Title =	 {\code{lifetrac} Code for the Weak-Strong Simulation
                  of the Beam-Beam Effects in {Tevatron}},
  pages =	 4138,
  Number =	 {FERMILAB-CONF-05-246-AD},
  Year =	 2005,
  Url =          {http://accelconf.web.cern.ch/AccelConf/p05/PAPERS/TPAT084.PDF},
  crossref = {pac05}
}


@inproceedings{fmalaskar,
  Author =	 {Laskar, J.},
  Title =	 {Frequency Map Analysis and Particle Accelerators},
  Pages =	 378,
  Year =	 2003,
  crossref =	 {pac03},
  url =          {http://accelconf.web.cern.ch/AccelConf/p03/PAPERS/WOAB001.PDF}
}

@techreport{resexmd2017,
  Author =	 {Fitterer, M. and Stancari, G. and Valishev, A. and
                  Bruce, R. and Redaelli, S. and Salvachua Ferrando,
                  B. M. and Valuch, D. and Valentino, G. and Wagner,
                  J. and Xu, C.},
  Title =	 {Effect of a Resonant Excitation on the Evolution of
                  the Beam Emittance and Halo Population},
  institution =	 {CERN},
  Year =	 2018,
  Month =	 jan,
  number =	 {CERN-ACC-NOTE-2018-0007},
  url =		 {https://cds.cern.ch/record/2305121}
}

@techreport{adt_sum_2011,
  Author =	 {H{\"{o}}fle, W. and Kotzian, G. and Schokker, M. and
                  Valuch, D.},
  Title =	 {{LHC} Damper Beam Commissioning in 2010},
  institution =	 {CERN},
  Year =	 2011,
  Month =	 aug,
  Number =	 {CERN-ATS-2011-033},
  Url =		 {http://cds.cern.ch/record/1378463}
}

@techreport{adt_sum_2008,
  Author =	 {Linnecar, T. and Angoletta, M. E. and Arnaudon,
                  L. and Baudrenghien, P. and Bohl, T. and Brunner,
                  O. and Butterworth, A. and Ciapala, E. and
                  Dubouchet, F.  and Ferreira Bento, J. and Glenat,
                  D. and Hagmann, G.  and H{\"{o}}fle, W. and Julie,
                  C. and Killing, F. and Kotzian, G. and Landre,
                  D. and Louwerse, R. and Maesen, P. and Martinez
                  Yanez, P. and Molendijk, J. and Montesinos, E. and
                  Nicou, C. and Noirjean, J. and Papotti, G. and
                  Pashnin, A. and Pechaud, G. and Pradier, J. and
                  Rossi, V. and Sanchez Quesada, J. and Schokker,
                  M. and Shaposhnikova, E. and Sorokoletev, R.  and
                  Stellfeld, D. and T{\"{u}}ckmantel, J. and Valuch,
                  D. and Wehrle, U. and Weierud, F.},
  Title =	 {Hardware and Initial Beam Commissioning of the {LHC}
                  {RF} Systems},
  Institution =	 {CERN},
  Number =	 {LHC-PROJECT-Report-1172},
  Month =	 oct,
  Year =	 2008,
  Url =		 {http://cds.cern.ch/record/1176380}
}

@inproceedings{adt_noise_emit_2017,
  Author =	 {Buffat, X. and Barranco Garc{\'{\i}}a, J. and
                  Pieloni, T. and Tambasco, C. and Valuch, D.},
  Title =	 {Observations of Emittance Growth in the Presence of
                  External Noise in the {LHC}},
  Year =	 2017,
  pages =	 {2117--2120},
  crossref =	 {ipac17},
  doi =		 {10.18429/JACoW-IPAC2017-TUPVA029},
  Url =		 {https://dx.doi.org/10.18429/JACoW-IPAC2017-TUPVA029}
}

@inproceedings{fcc_coll_ipac2017,
  Author =	 {Molson, J. and Bruce, R. and Faus-Golfe, A. and
                  Fiascaris, M. and Krainer, A. M. and Redaelli, S.},
  Title =	 {Status of the {FCC-hh} Collimation System},
  Pages =	 {64--67},
  Year =	 2017,
  Url =		 {https://dx.doi.org/10.18429/JACoW-IPAC2017-MOPAB001},
  crossref =	 {ipac17}
}

@misc{hel_res_field_stancari_2017,
  Author =	 {Stancari, G.},
  Title =	 {Electron-Beam Simulations: Electron-Gun Emission and
                  Residual Fields from Measured Profiles},
  year =	 2018,
  month =	 jan,
  Note =	 {{CERN} meeting on hollow electron lens beam results},
  howpublished = {\url{https://indico.cern.ch/event/698949} [Online;
                  accessed 22-Mar-2018]},
  Url =          {https://indico.cern.ch/event/698949/contributions/2868279/attachments/1590019/2515871/Stancari_LHC_e-lens_meeting_2018-01-26_ebeam_sim_K09.pdf}
}

@misc{hel_test_stand_fnal,
  Title =	 {The {F}ermilab Electron-Lens Test Stand},
  howpublished = {\url{https://cdcvs.fnal.gov/redmine/projects/elens/wiki/Test_Stand} [Online; accessed 22-Mar-2018]},
  Url = {https://cdcvs.fnal.gov/redmine/projects/elens/wiki/Test_Stand}
}

@techreport{hel_halo_hllhc_fitterer,
  Author =	 {Fitterer, M. and Stancari, G. and Valishev, A. and
                  Redaelli, S.},
  Title =	 {Simulation Study of Hollow Electron Beam Collimation
                  in {HL-LHC}},
  Institution =	 {Fermilab},
  Number =	 {FERMILAB-TM-2636-AD},
  Month =	 oct,
  Year =	 2016,
  doi =		 {10.2172/1408322},
  url =		 {http://inspirehep.net/record/1634527}
}

@inproceedings{hl_halo_ipac2017,
  Author =	 {Fitterer, M. and Stancari, G. and Valishev, a. and
                  De Maria, R. and Redaelli, S. and Sjobak, K. and
                  Wagner, J. F.},
  Title =	 {Implementation of Hollow Electron Lenses in
                  \code{sixtrack} and First Simulation Results for the
                  {HL-LHC}},
  Year =	 2017,
  Pages =	 {3795--3798},
  doi =		 {10.18429/JACoW-IPAC2017-THPAB041},
  Url =		 {https://dx.doi.org/10.18429/JACoW-IPAC2017-THPAB041},
  crossref =	 {ipac17}
%  number = {FERMILAB-CONF-17-197-AD}
}


% --- proceedings ---

@string{pac03proc = "Proceedings of the 2003 Particle Accelerator Conference ({PAC03})"}
@Proceedings{pac03,
  title =	 pac03proc,
  booktitle =	 pac03proc,
  year =	 2003,
  editor =	 {Chew, J. and Lucas, P. and Webber, S.},
  publisher =	 {IEEE},
  isbn =	 0-7803-7739-7,
  url =		 {http://accelconf.web.cern.ch/AccelConf/p03}
}

@string{pac05proc = "Proceedings of the 2005 Particle Accelerator Conference ({PAC05})"}
@proceedings{pac05,
  title =	 pac05proc,
  booktitle =	 pac05proc,
  editor =	 {Horak, C.},
  publisher =	 {IEEE},
  year =	 2005,
  isbn =	 {0-7803-8860-7},
  url =		 {http://accelconf.web.cern.ch/accelconf/p05}
}

@string{pac07proc = "Proceedings of the 22nd {P}article {A}ccelerator {C}onference ({PAC07})"}
@Proceedings{pac07,
  title =	 pac07proc,
  booktitle =	 pac07proc,
  month =	 aug,
  year =	 2007,
  editor =	 {Petit-Jean-Genaz, C.},
  isbn =	 1-4244-0917-9,
  publisher =	 {IEEE},
  note =	 {\url{http://accelconf.web.cern.ch/AccelConf/p07}
                  [Online; accessed 21-Mar-2018]},
  url =          {http://accelconf.web.cern.ch/AccelConf/p07/INDEX.HTML}
}

@string{eucard2010proc = "{EuCARD-AccNet-EuroLumi} Workshop: The
                  High-Energy {L}arge {H}adron {C}ollider ({HE-LHC}10)"}
@proceedings{eucard:2010,
  title =	 eucard2010proc,
  booktitle =	 eucard2010proc,
  Year =	 2011,
  editor =	 {Todesco, E. and Zimmermann, F.},
  number =	 {CERN-2011-003},
  series =	 {Yellow Reports: Conference Proceedings},
  publisher =	 {CERN},
  address =	 {Geneva, Switzerland},
  doi =		 {10.5170/CERN-2011-003},
  Archiveprefix ={arXiv},
  Eprint =	 {1111.7188},
  Primaryclass = {physics.acc-ph},
  Url =		 {https://dx.doi.org/10.5170/CERN-2011-003}
}

@string{ipac12proc = "Proceedings of the 3rd International Particle
                  Accelerator Conference ({IPAC12})"}
@proceedings{ipac12,
  title =	 ipac12proc,
  booktitle =	 ipac12proc,
  month =	 jul,
  Year =	 2012,
  publisher =	 {IPAC'12 / IEEE},
  isbn =	 {978-3-95450-115-1},
  url =		 {http://accelconf.web.cern.ch/AccelConf/IPAC2012},
  note =         {\url{http://accelconf.web.cern.ch/AccelConf/IPAC2012}
                  [Online; accessed 21-Mar-2018]}
}


@string{bb2013proc = "Proceedings of the {ICFA} Mini-Workshop on Beam-Beam Effects in Hadron Colliders ({BB2013})"}
@Proceedings{bb2013,
  title =	 bb2013proc,
  booktitle =	 bb2013proc,
  number =	 {CERN-2014-004},
  year =	 2014,
  month =	 oct,
  editor =	 {Herr, W. and Papotti, G.},
  series =	 {Yellow Reports: Conference Proceedings},
  organization = {CERN},
  address =	 {Geneva, Switzerland},
  doi =		 {10.5170/CERN-2014-004},
  url =		 {https://dx.doi.org/10.5170/CERN-2014-004}
}

@string{helreviewtitle = "Review of the Needs for a Hollow E-lens for the
                  {HL-LHC}"}
@proceedings{helreview,
  Title =	 helreviewtitle,
  booktitle =	 helreviewtitle,
  Year =	 {2016},
  editor =	 {Br\"uning, O. S.},
  address =	 {Geneva, Switzerland},
  Organization = {CERN},
  Month =	 oct,
  Url =		 {https://indico.cern.ch/event/567839},
  note =	 {\url{https://indico.cern.ch/event/567839}
                  [Online; accessed 21-Mar-2018]}
}

@string{ipac17proc = "Proceedings of the 2017 International Particle Accelerator Conference ({IPAC17})"}
@Proceedings{ipac17,
  title =	 ipac17proc,
  booktitle =	 ipac17proc,
  year =	 {2017},
  publisher =	 {JACoW},
  address =	 {Geneva, Switzerland},
  editor =	 {Arduini, G. and Lindroos, M. and Pranke, J. and
                  Schaa, V. R. W. and Seidel, M.},
  month =	 jun,
  isbn =	 {978-3-95450-182-3},
  url =		 {http://accelconf.web.cern.ch/AccelConf/ipac2017}
}

@string{ipac18proc = "Proceedings of the 2018 International Particle Accelerator Conference ({IPAC18})"}
@Proceedings{ipac18,
  title =	 ipac18proc,
  booktitle =	 ipac18proc,
  year =	 {2018},
  publisher =	 {JACoW},
  address =	 {Geneva, Switzerland},
  editor =	 {Koscielniak, S. and Satogata, T. and Schaa, V. R. W. and Thomson, J.},
  month =	 jul,
  isbn =	 {978-3-95450-184-7},
  url =		 {http://accelconf.web.cern.ch/AccelConf/ipac2018}
}
