%% This BibTeX bibliography file was created using BibDesk.
%% http://bibdesk.sourceforge.net/


%% Created for Giulio Stancari at 2018-02-18 17:47:47 -0600 


%% Saved with string encoding Unicode (UTF-8) 


@comment{jabref-meta: databaseType:bibtex;}



@book{Shiltsev:elens-book:2016,
	Author = {Shiltsev, Vladimir D.},
	Date-Added = {2018-02-18 23:37:21 +0000},
	Date-Modified = {2018-02-18 23:38:50 +0000},
	Doi = {10.1007/978-1-4939-3317-4},
	Isbn = {9781493933150, 9781493933174},
	Publisher = {Springer},
	Slaccitation = {%%CITATION = INSPIRE-1405870;%%},
	Title = {Electron Lenses for Super-Colliders},
	Year = {2016},
	Bdsk-Url-1 = {https://dx.doi.org/10.1007/978-1-4939-3317-4}}

@article{tevatron,
	Author = {Holmes, Stephen and Moore, Ronald S and Shiltsev, Vladimir},
	Date-Modified = {2018-02-18 23:33:35 +0000},
	Journal = {Journal of Instrumentation},
	Number = {08},
	Pages = {T08001},
	Title = {Overview of the {Tevatron} collider complex: goals, operations and performance},
	Volume = {6},
	Year = {2011},
	Bdsk-Url-1 = {http://stacks.iop.org/1748-0221/6/i=08/a=T08001}}

@book{lhc_design,
	Address = {Geneva},
	Author = {Br\"{u}ning, Oliver Simon and Collier, Paul and Lebrun, P and Myers, Stephen and Ostojic, Ranko and Poole, John and Proudlock, Paul},
	Date-Modified = {2018-02-18 23:33:35 +0000},
	Publisher = {CERN},
	Series = {CERN Yellow Reports: Monographs},
	Title = {{{LHC} Design Report}},
	Year = {2004},
	Bdsk-Url-1 = {https://cds.cern.ch/record/782076}}

@techreport{fcc_param_2017,
	Address = {Geneva},
	Author = {Benedikt, Michael and Zimmermann, Frank},
	Date-Modified = {2018-02-18 23:33:35 +0000},
	Institution = {CERN},
	Month = {Jul},
	Number = {CERN-ACC-2015-0164},
	Reportnumber = {CERN-ACC-2015-0164},
	Title = {{Future Circular Colliders}},
	Year = {2015},
	Bdsk-Url-1 = {https://cds.cern.ch/record/2110736}}

@online{helreview_valentino,
	Author = {Valentino, Gianluca},
	Date-Modified = {2018-02-18 23:33:35 +0000},
	Keywords = {electron lens, review},
	Note = {{Review} of the needs for a hollow e-lens for the {HL-LHC}},
	Title = {What did we learn about halo population during {MD}s and regular operation?},
	Year = {2016},
	Bdsk-Url-1 = {https://indico.cern.ch/event/567839/timetable/#20161006}}

@online{helreview_bruce,
	Author = {Bruce, Roderik},
	Date-Modified = {2018-02-18 23:33:35 +0000},
	Keywords = {electron lens, halo control, review},
	Note = {Review of the needs for a hollow e-lens for the {HL-LHC}},
	Title = {Alternative methods for halo depletion (damper, tune modulation, and wire), long range beam-beam and comparison of their performance/reliability to that of a hollow electron lens.},
	Year = {2016},
	Bdsk-Url-1 = {https://indico.cern.ch/event/567839/timetable/#20161006}}

@online{helreview,
	Date-Modified = {2018-02-18 23:33:35 +0000},
	Keywords = {electron lens, review},
	Month = {October},
	Organization = {CERN},
	Title = {Review on the needs for a hollow e-lens for the {HL-LHC}},
	Year = {2016},
	Bdsk-Url-1 = {https://indico.cern.ch/event/567839/}}

@article{hel_tevatron_stancari,
	Author = {Stancari, G. and Valishev, A. and Annala, G. and Kuznetsov, G. and Shiltsev, V. and Still, D. A. and Vorobiev, L. G.},
	Date-Modified = {2018-02-18 23:44:16 +0000},
	Doi = {10.1103/PhysRevLett.107.084802},
	Issue = {8},
	Journal = {Phys. Rev. Lett.},
	Keywords = {electron lens, tevatron},
	Month = {Aug},
	Numpages = {5},
	Pages = {084802},
	Publisher = {American Physical Society},
	Title = {Collimation with Hollow Electron Beams},
	Url = {https://link.aps.org/doi/10.1103/PhysRevLett.107.084802},
	Volume = {107},
	Year = {2011}}

@article{hel_tevatron_abortgap_zhang,
	Author = {Zhang, Xiao-Long and Bishofberger, Kip and Kamerdzhiev, Vsevolod and Lebedev, Valery and Shiltsev, Vladimir and Thurman-Keup, Randy and Tollestrup, Alvin},
	Date-Modified = {2018-02-18 23:33:35 +0000},
	Issue = {5},
	Journal = {Phys. Rev. ST Accel. Beams},
	Keywords = {electron lens, tevatron, abort gap},
	Month = {May},
	Numpages = {11},
	Pages = {051002},
	Publisher = {American Physical Society},
	Title = {Generation and diagnostics of uncaptured beam in the {Fermilab} {Tevatron} and its control by electron lenses},
	Volume = {11},
	Year = {2008},
	Bdsk-Url-1 = {http://link.aps.org/doi/10.1103/PhysRevSTAB.11.051002}}

@techreport{hel_cdr,
	Archiveprefix = {arXiv},
	Author = {Stancari, Giulio and Previtali, Valentina and Valishev, Alexander and Bruce, Roderik and Redaelli, Stefano and Rossi, Adriana and Ferrando, Belen Salvachua},
	Date-Modified = {2018-02-18 23:33:35 +0000},
	Eprint = {1405.2033},
	Institution = {{Fermilab}, {CERN}},
	Keywords = {electron lens, cdr},
	Month = {May},
	Number = {FERMILAB-TM-2572-APC, CERN-ACC-2014-0248},
	Primaryclass = {physics.acc-ph},
	Title = {Conceptual design of hollow electron lenses for beam halo control in the {Large Hadron Collider}},
	Year = {2014},
	Bdsk-Url-1 = {http://inspirehep.net/record/1294962?ln=en}}

@article{hel_model_polynomial_morozov,
	Author = {Morozov, Ivan A and Stancari, Giulio and Valishev, Alexander and Shatilov, Dmitry N},
	Booktitle = {Proceedings, 3rd International Conference on Particle accelerator ({IPAC 2012}): New Orleans, {USA}, May 2-25, 2012},
	Journal = {Conf. Proc. {IPAC 2012}},
	Pages = {94-96},
	Reportnumber = {FERMILAB-CONF-12-126-APC, IPAC-2012-MOEPPB008},
	Title = {Simulation of Hollow Electron Beam Collimation in the {Fermilab} {Tevatron} Collider},
	Volume = {C1205201},
	Year = {2012}}

@techreport{hel_bends_stancari,
	Archiveprefix = {arXiv},
	Author = {Stancari, Giulio},
	Date-Modified = {2018-02-18 23:33:35 +0000},
	Eprint = {1403.6370},
	Institution = {{Fermilab}},
	Keywords = {electron lens, bends},
	Month = {Mar.},
	Number = {FERMILAB-FN-0972-APC},
	Primaryclass = {physics.acc-ph},
	Title = {Calculation of the Transverse Kicks Generated by the Bends of a Hollow Electron Lens},
	Year = {2014},
	Bdsk-Url-1 = {http://inspirehep.net/record/1287093}}

@techreport{md_sim_hel_res_ex_fitterer,
	Author = {Fitterer, Miriam and Stancari, Giulio and Valishev, Alexander},
	Date-Modified = {2018-02-18 23:33:35 +0000},
	Institution = {{Fermilab}},
	Keywords = {electron lens, resonant excitation, md},
	Month = {Oct.},
	Number = {FERMILAB-TM-2635-AD},
	Title = {Effect of pulsed hollow electron-lens operation on the proton beam core in {LHC}},
	Year = {2016},
	Bdsk-Url-1 = {http://inspirehep.net/record/1496416}}

@article{noise_2007_ohmi,
	Author = {Ohmi, K. and Calaga, R. and Tomas, R. and Hofle, W. and Zimmermann, F.},
	Journal = {Conf. Proc. {PAC'07}},
	Keywords = {beam-beam, noise, lhc},
	Number = {PAC07-TUPAN048},
	Pages = {1496},
	Title = {{Beam-beam effect with an external noise in LHC}},
	Volume = {C070625},
	Year = {2007}}

@article{noise_alexahin_lhc,
	Author = {Alexahin, Yuri},
	Date-Modified = {2018-02-18 23:33:35 +0000},
	Issn = {0168-9002},
	Journal = {Nuclear Instruments and Methods in Physics Research Section A: Accelerators, Spectrometers, Detectors and Associated Equipment},
	Keywords = {beam-beam, noise},
	Number = {1},
	Pages = {73 - 76},
	Title = {On the emittance growth due to noise in hadron colliders and methods of its suppression},
	Volume = {391},
	Year = {1997},
	Bdsk-Url-1 = {http://www.sciencedirect.com/science/article/pii/S0168900296011904}}

@article{noise_lebedev_ssc,
	Author = {Lebedev, V. A.},
	Date-Modified = {2018-02-18 23:33:35 +0000},
	Journal = {Proceedings, Accelerator Physics at the {Superconducting Super Collider}, {AIP Conf. Proc.}},
	Keywords = {beam-beam, noise},
	Number = {SSCL-PREPRINT-188},
	Pages = {396-423},
	Title = {Emittance growth due to noise and its suppression with the feedback system in large hadron colliders},
	Volume = {326},
	Year = {1995},
	Bdsk-Url-1 = {http://inspirehep.net/record/353807?ln=en},
	Bdsk-Url-2 = {https://dx.doi.org/10.1063/1.47298}}

@inproceedings{noise_2014_ohmi,
	Archiveprefix = {arXiv},
	Author = {Ohmi, K.},
	Booktitle = {Proceedings, {ICFA} Mini-Workshop on Beam-Beam Effects in Hadron Colliders ({BB2013}): {CERN}, Geneva, Switzerland, March 18-22 2013},
	Date-Modified = {2018-02-18 23:33:35 +0000},
	Eprint = {1410.4092},
	Keywords = {beam-beam, noise},
	Note = {[,69(2014)]},
	Pages = {69-74},
	Primaryclass = {physics.acc-ph},
	Title = {Beam-beam effects under the influence of external noise},
	Year = {2014},
	Bdsk-Url-1 = {http://inspirehep.net/record/1322414/files/arXiv:1410.4092.pdf}}

@article{md400_noise_injection,
	Author = {Barranco Garcia, Javier and Buffat, Xavier and Pieloni, Tatiana and Tambasco, Claudia and Trad, Georges and Valuch, Daniel and Betz, Michael and Wendt, Manfred and Pojer, Mirko and Solfaroli Camillocci, Matteo and Salvachua Ferrando, Belen Maria and Fuchsberger, Kajetan and Albert, Markus and Qiang, Ji},
	Date-Modified = {2018-02-18 23:33:35 +0000},
	Month = {Jan},
	Reportnumber = {CERN-ACC-NOTE-2016-0020},
	Title = {{MD 400}: {LHC} emittance growth in presence of an external source of noise during collision},
	Year = {2016},
	Bdsk-Url-1 = {https://cds.cern.ch/record/2125228}}

@article{md1433_noise_top_energy,
	Author = {Buffat, Xavier and Biancacci, Nicolo and Furuseth, Sondre Vik and Jacquet, Delphine and Metral, Elias and Pellegrini, Dario and Pojer, Mirko and Trad, Georges and Valuch, Daniel and Barranco Garcia, Javier and Pieloni, Tatiana and Tambasco, Claudia and Li, Qiang},
	Date-Modified = {2018-02-18 23:33:35 +0000},
	Month = {Apr},
	Reportnumber = {CERN-ACC-NOTE-2017-0030},
	Title = {{Probing the behaviour of high brightness bunches in collision at 6.5 TeV and the interplay with an external source of noise (MD1433)}},
	Year = {2017},
	Bdsk-Url-1 = {https://cds.cern.ch/record/2261037}}

@techreport{Stancari2014,
	Archiveprefix = {arXiv},
	Author = {Stancari, Giulio},
	Date-Modified = {2018-02-18 23:33:35 +0000},
	Eprint = {1403.6370},
	Institution = {{Fermilab}},
	Keywords = {electron lens, bends},
	Month = {Mar.},
	Number = {FERMILAB-FN-0972-APC},
	Primaryclass = {physics.acc-ph},
	Title = {Calculation of the Transverse Kicks Generated by the Bends of a Hollow Electron Lens},
	Year = {2014},
	Bdsk-Url-1 = {http://inspirehep.net/record/1287093}}

@online{warp,
	Date-Modified = {2018-02-18 23:33:35 +0000},
	Keywords = {warp},
	Title = {The WARP code},
	Bdsk-Url-1 = {http://warp.lbl.gov/}}

@proceedings{helhcparam2011,
	Archiveprefix = {arXiv},
	Author = {Bruning, O. and Dominguez, O. and Myers, S. and Rossi, L. and Todesco, E. and Zimmermann, F.},
	Booktitle = {{Proceedings, EuCARD-AccNet-EuroLumi Workshop: The High-Energy Large Hadron Collider (HE-LHC10): Villa Bighi, Malta, Republic of Malta, October 14-16, 2010}},
	Date-Modified = {2018-02-18 23:33:35 +0000},
	Eprint = {1108.1617},
	Primaryclass = {physics.acc-ph},
	Title = {{HE-LHC beam-parameters, optics and beam-dynamics issues}},
	Year = {2011},
	Bdsk-Url-1 = {https://inspirehep.net/record/922576/files/arXiv:1108.1617.pdf}}

@online{chamonix2017param,
	Author = {Nisbet, David},
	Date-Modified = {2018-02-18 23:33:35 +0000},
	Keywords = {lhc},
	Month = {January},
	Note = {{LHC} Performance Workshop 2017},
	Organization = {CERN},
	Title = {2016 operation: Operational efficiency and lessons learnt},
	Year = {2017},
	Bdsk-Url-1 = {https://indico.cern.ch/event/580313/}}

@book{hlcdr,
	Address = {Geneva},
	Author = {G., Apollinari and I., B{\'e}jar Alonso and O., Br{\"u}ning and P., Fessia and M., Lamont and L., Rossi and L., Tavian},
	Date-Modified = {2018-02-18 23:33:35 +0000},
	Publisher = {CERN},
	Series = {CERN Yellow Reports: Monographs},
	Title = {{High-Luminosity Large Hadron Collider (HL-LHC): Technical Design Report V. 0.1}},
	Year = {2017},
	Bdsk-Url-1 = {https://cds.cern.ch/record/2284929}}

@online{hlv13,
	Date-Modified = {2018-02-18 23:33:35 +0000},
	Note = {LHC optics web},
	Title = {HL-LHC optics V1.3},
	Bdsk-Url-1 = {http://abpdata.web.cern.ch/abpdata/lhc_optics_web/www/hllhc13/round15/index.html}}

@techreport{bsrtprofinj,
	Author = {Fitterer, Miriam and Stancari, Giulio},
	Institution = {{Fermilab}},
	Keywords = {lhc,bsrt},
	Month = {July},
	Number = {FERMILAB-TM-2657-AD-APC},
	Title = {Analysis of BSRT profiles in the LHC at injection},
	Year = {2017}}

@article{resexmd2016,
	Author = {Fitterer, Miriam and Stancari, Giulio and Valishev, Alexander and Bruce, Roderik and Papadopoulou, Parthena Stefania and Papotti, Giulia and Pellegrini, Dario and Redaelli, Stefano and Trad, Georges and Valuch, Daniel and Valentino, Gianluca and Wagner, Joschka and Xu, Chen},
	Date-Modified = {2018-02-18 23:33:35 +0000},
	Month = {May},
	Reportnumber = {CERN-ACC-NOTE-2017-0037},
	Title = {Effect of a resonant excitation on the evolution of the beam emittance and halo population},
	Year = {2016},
	Bdsk-Url-1 = {https://cds.cern.ch/record/2264616}}

@article{lifetrac,
	Author = {Shatilov, Dmitry and Alexahin, Yuri and Lebedev, Valeri and Valishev, Alexander},
	Booktitle = {Particle accelerator. Proceedings, Conference, {PAC'05},Knoxville, USA, May 16-20, 2005},
	Date-Modified = {2018-02-18 23:33:35 +0000},
	Journal = {Conf. Proc. {PAC'05}},
	Keywords = {lifetrac},
	Number = {FERMILAB-CONF-05-246-AD, PAC-2005-TPAT084},
	Title = {{Lifetrac} code for the weak-strong simulation of the beam-beam effects in {Tevatron}},
	Year = {2005},
	Bdsk-Url-1 = {http://inspirehep.net/record/687566/files/fermilab-conf-05-246.pdf}}

@article{fmalaskar,
	Author = {Laskar, J.},
	Booktitle = {{Particle accelerator. Proceedings, Conference, PAC 2003, Portland, USA, May 12-16, 2003}},
	Journal = {Conf. Proc.},
	Pages = {378},
	Reportnumber = {PAC03-WOAB001},
	Title = {{Frequency Map Analysis and Particle Accelerators}},
	Volume = {C030512},
	Year = {2003}}

@article{Buffat2017,
	Author = {Buffat, Xavier and Biancacci, Nicolo and Furuseth, Sondre Vik and Jacquet, Delphine and Metral, Elias and Pellegrini, Dario and Pojer, Mirko and Trad, Georges and Valuch, Daniel and Barranco Garcia, Javier and Pieloni, Tatiana and Tambasco, Claudia and Li, Qiang},
	Date-Modified = {2018-02-18 23:33:35 +0000},
	Month = {Apr},
	Reportnumber = {CERN-ACC-NOTE-2017-0030},
	Title = {{Probing the behaviour of high brightness bunches in collision at 6.5 TeV and the interplay with an external source of noise (MD1433)}},
	Year = {2017},
	Bdsk-Url-1 = {https://cds.cern.ch/record/2261037}}

@techreport{md_noise_bbLHC,
	Author = {Barranco Garcia, Javier and Buffat, Xavier and Pieloni, Tatiana and Tambasco, Claudia and Trad, Georges and Valuch, Daniel and Betz, Michael and Wendt, Manfred and Pojer, Mirko and Solfaroli Camillocci, Matteo and Salvachua Ferrando, Belen Maria and Fuchsberger, Kajetan and Albert, Markus and Qiang, Ji},
	Date-Modified = {2018-02-18 23:33:35 +0000},
	Institution = {{CERN}},
	Keywords = {beam-beam, noise, md},
	Month = {Jan.},
	Number = {CERN-ACC-NOTE-2016-0020},
	Reportnumber = {CERN-ACC-NOTE-2016-0020},
	Title = {MD 400: {LHC} emittance growth in presence of an external source of noise during collision},
	Year = {2016},
	Bdsk-Url-1 = {https://cds.cern.ch/record/2125228}}

@article{resexmd2017,
	Author = {Fitterer, Miriam and Stancari, Giulio and Valishev, Alexander and Bruce, Roderik and Papadopoulou, Parthena Stefania and Papotti, Giulia and Pellegrini, Dario and Redaelli, Stefano and Trad, Georges and Valuch, Daniel and Valentino, Gianluca and Wagner, Joschka and Xu, Chen},
	Month = {January},
	Reportnumber = {CERN-ACC-NOTE-??},
	Title = {Effect of a resonant excitation on the evolution of the beam emittance and halo population},
	Year = {2018}}

@report{adt_sum_2011,
	Author = {H\"{o}fle, W and Kotzian, G and Schokker, M and Valuch, D},
	Date-Modified = {2018-02-18 23:33:35 +0000},
	Month = {Aug},
	Number = {CERN-ATS-2011-033},
	Pages = {3 p},
	Reportnumber = {CERN-ATS-2011-033},
	Title = {{LHC Damper Beam commissioning in 2010}},
	Year = {2011},
	Bdsk-Url-1 = {http://cds.cern.ch/record/1378463}}

@techreport{adt_sum_2008,
	Address = {Geneva},
	Author = {Linnecar, T and Angoletta, M E and Arnaudon, L and Baudrenghien, P and Bohl, T and Brunner, O and Butterworth, A and Ciapala, Edmond and Dubouchet, F and Ferreira-Bento, J and Glenat, D and Hagmann, G and H{\"o}fle, Wolfgang and Julie, C and Killing, F and Kotzian, G and Landre, D and Louwerse, R and Maesen, P and Martinez-Yanez, P and Molendijk, J and Montesinos, E and Nicou, C and Noirjean, J and Papotti, G and Pashnin, A and Pechaud, G and Pradier, J and Rossi, V and Sanchez-Quesada, J and Schokker, M and Shaposhnikova, E and Sorokoletev, R and Stellfeld, D and T{\"u}ckmantel, Joachim and Valuch, D and Wehrle, U and Weierud, F},
	Date-Modified = {2018-02-18 23:33:35 +0000},
	Institution = {CERN},
	Month = {Oct},
	Number = {LHC-PROJECT-Report-1172. CERN-LHC-PROJECT-Report-1172},
	Reportnumber = {LHC-PROJECT-Report-1172},
	Title = {{Hardware and Initial Beam Commissioning of the LHC RF Systems}},
	Year = {2008},
	Bdsk-Url-1 = {http://cds.cern.ch/record/1176380}}

@article{adt_noise_emit_2017,
	Author = {Buffat, Xavier and Barranco Garc{\'\i}a, Javier and Pieloni, Tatiana and Tambasco, Claudia and Valuch, Daniel},
	Date-Modified = {2018-02-18 23:33:35 +0000},
	Journal = {Conf. Proc. {IPAC 2017}},
	Reportnumber = {TUPVA029},
	Title = {{Observations of Emittance Growth in the Presence of External Noise in the LHC}},
	Year = {2017},
	Bdsk-Url-1 = {http://cds.cern.ch/record/2289677}}

@inproceedings{fcc_coll_ipac2017,
	Author = {Molson, James and Bruce, Roderik and Faus-Golfe, Angeles and Fiascaris, Maria and Krainer, Alexander and Redaelli, Stefano},
	Booktitle = {{Proceedings, 8th International Particle Accelerator Conference (IPAC 2017): Copenhagen, Denmark, May 14-19, 2017}},
	Date-Modified = {2018-02-18 23:33:35 +0000},
	Journal = {Conf. Proc. {IPAC 2017}},
	Pages = {MOPAB001},
	Title = {{Status of the FCC-hh Collimation System}},
	Year = {2017},
	Bdsk-Url-1 = {http://inspirehep.net/record/1626395/files/mopab001.pdf},
	Bdsk-Url-2 = {https://dx.doi.org/10.18429/JACoW-IPAC2017-MOPAB001}}

@online{hel_res_field_stancari_2017,
	Author = {Stancari, Giulio},
	Date-Modified = {2018-02-18 23:33:35 +0000},
	Keywords = {electron lens, residual field},
	Note = {HEL Electron Beam results discussion},
	Title = {Electron-beam simulations: electron-gun emission and residual fields from measured profiles},
	Bdsk-Url-1 = {https://indico.cern.ch/event/698949/}}

@online{hel_test_stand_fnal,
	Date-Modified = {2018-02-18 23:33:35 +0000},
	Title = {Electron lens test stand},
	Bdsk-Url-1 = {https://cdcvs.fnal.gov/redmine/projects/elens/wiki/Test_Stand}}

@techreport{hel_halo_hllhc_fitterer,
	Author = {Fitterer, Miriam and Stancari, Giulio and Valishev, Alexander},
	Date-Modified = {2018-02-18 23:33:35 +0000},
	Institution = {{Fermilab}},
	Keywords = {halo, electron lens, hl-lhc, lhc},
	Month = {Oct.},
	Number = {FERMILAB-TM-2636-AD},
	Title = {Simulation Study of Hollow Electron Beam Collimation in {HL-LHC}},
	Year = {2016},
	Bdsk-Url-1 = {http://inspirehep.net/record/1492682}}

@inproceedings{hl_halo_ipac2017,
	Author = {Fitterer, M. and Stancari, G. and Valishev, a. and De Maria, R. and Redaelli, S. and Sjobak, K. and Wagner, J. F.},
	Booktitle = {{Proceedings, 8th International Particle Accelerator Conference (IPAC 2017): Copenhagen, Denmark, May 14-19, 2017}},
	Date-Modified = {2018-02-18 23:33:35 +0000},
	Pages = {THPAB041},
	Reportnumber = {FERMILAB-CONF-17-197-AD},
	Slaccitation = {%%CITATION = FERMILAB-CONF-17-197-AD;%%},
	Title = {Implementation of Hollow Electron Lenses in {SixTrack} and First Simulation Results for the {HL-LHC}},
	Year = {2017},
	Bdsk-Url-1 = {http://lss.fnal.gov/archive/2017/conf/fermilab-conf-17-197-ad.pdf},
	Bdsk-Url-2 = {https://dx.doi.org/10.18429/JACoW-IPAC2017-THPAB041}}
