% Encoding: UTF-8

@InProceedings{hel_model_polynomial_morozov,
  author       = {Morozov, I. A. and Stancari, G. and Valishev, A. and Shatilov, D. N.},
  title        = {Simulation of Hollow Electron Beam Collimation in the {F}ermilab {T}evatron {C}ollider},
  booktitle    = {Proceedings, 3rd International Conference on Particle accelerator ({IPAC 2012})},
  year         = {2012},
  volume       = {C1205201},
  number       = {MOEPPB008},
  pages        = {94-96},
  address      = {New Orleans, {USA}},
  month        = may,
  journal      = {Conf. Proc. {IPAC 2012}},
  reportnumber = {FERMILAB-CONF-12-126-APC, IPAC-2012-MOEPPB008},
}

@Article{Shiltsev:PRSTAB:2008,
  author    = {Shiltsev, V. and Bishofberger, K. and Kamerdzhiev, V. and Kozub, S. and Kufer, M. and Kuznetsov, G. and Martinez, A. and Olson, M. and Pfeffer, H. and Saewert, G. and Scarpine, V. and Seryi, A. and Solyak, N. and Sytnik, V. and Tiunov, M. and Tkachenko, L. and Wildman, D. and Wolff, D. and Zhang, X.-L.},
  title     = {{T}evatron Electron Lenses: Design and Operation},
  journal   = {Phys. Rev. ST Accel. Beams},
  year      = {2008},
  volume    = {11},
  pages     = {103501},
  month     = oct,
  doi       = {10.1103/PhysRevSTAB.11.103501},
  issue     = {10},
  numpages  = {19},
  publisher = {American Physical Society},
  url       = {https://link.aps.org/doi/10.1103/PhysRevSTAB.11.103501},
}

@Article{Fischer:PRL:2015,
  author    = {Fischer, W. and Gu, X. and Altinbas, Z. and Costanzo, M. and Hock, J. and Liu, C. and Luo, Y. and Marusic, A. and Michnoff, R. and Miller, T. A. and Pikin, A. I. and Schoefer, V. and Thieberger, P. and White, S. M.},
  title     = {Operational Head-on Beam-Beam Compensation with Electron Lenses in the {R}elativistic {H}eavy {I}on {C}ollider},
  journal   = {Phys. Rev. Lett.},
  year      = {2015},
  volume    = {115},
  pages     = {264801},
  month     = dec,
  doi       = {10.1103/PhysRevLett.115.264801},
  issue     = {26},
  numpages  = {5},
  publisher = {American Physical Society},
  url       = {http://link.aps.org/doi/10.1103/PhysRevLett.115.264801},
}

@Book{Shiltsev:elens-book:2016,
  title     = {{E}lectron {L}enses for {S}uper-{C}olliders},
  publisher = {Springer},
  year      = {2016},
  author    = {Shiltsev, V. D.},
  isbn      = {9781493933150, 9781493933174},
  doi       = {https://dx.doi.org/10.1007/978-1-4939-3317-4},
  url       = {https://dx.doi.org/10.1007/978-1-4939-3317-4},
}

@Article{tevatron,
  author  = {Holmes, S. and Moore, R. S. and Shiltsev, V.},
  title   = {Overview of the {Tevatron} collider complex: goals, operations and performance},
  journal = {Journal of Instrumentation},
  year    = {2011},
  volume  = {6},
  number  = {08},
  pages   = {T08001},
  url     = {http://stacks.iop.org/1748-0221/6/i=08/a=T08001},
}

@Book{lhc_design,
  title         = {{{LHC} Design Report}},
  publisher     = {CERN},
  year          = {2004},
  author        = {Br\"{u}ning, Oliver Simon and Collier, Paul and Lebrun, P and Myers, Stephen and Ostojic, Ranko and Poole, John and Proudlock, Paul},
  series        = {CERN Yellow Reports: Monographs},
  address       = {Geneva},
  bdsk-url-1    = {https://cds.cern.ch/record/782076},
  date-modified = {2018-02-18 23:33:35 +0000},
  url           = {https://cds.cern.ch/record/782076},
}

@Online{helreview_valentino,
  author   = {Valentino, G.},
  title    = {{W}hat did we learn about halo population during {MD}s and regular operation?},
  year     = {2016},
  note     = {{Review} of the needs for a hollow e-lens for the {HL-LHC}},
  keywords = {electron lens, review},
  url      = {https://indico.cern.ch/event/567839/timetable/#20161006},
}

@Online{helreview_bruce,
  author       = {Bruce, R.},
  title        = {Alternative methods for halo depletion (damper, tune modulation, and wire), long range beam-beam and comparison of their performance/reliability to that of a hollow electron lens.},
  howpublished = {{R}eview of the needs for a hollow e-lens for the {HL-LHC}},
  year         = {2016},
  keywords     = {electron lens, halo control, review},
  url          = {https://indico.cern.ch/event/567839/timetable/#20161006},
}

@article{hel_tevatron_abortgap_zhang,
	Author = {Zhang, Xiao-Long and Bishofberger, Kip and Kamerdzhiev, Vsevolod and Lebedev, Valery and Shiltsev, Vladimir and Thurman-Keup, Randy and Tollestrup, Alvin},
	Date-Modified = {2018-02-18 23:33:35 +0000},
	Issue = {5},
	Journal = {Phys. Rev. ST Accel. Beams},
	Keywords = {electron lens, tevatron, abort gap},
	Month = {May},
	Numpages = {11},
	Pages = {051002},
	Publisher = {American Physical Society},
	Title = {Generation and diagnostics of uncaptured beam in the {Fermilab} {Tevatron} and its control by electron lenses},
	Volume = {11},
	Year = {2008},
	Bdsk-Url-1 = {http://link.aps.org/doi/10.1103/PhysRevSTAB.11.051002}}

@TechReport{hel_cdr,
  author        = {Stancari, G. and Previtali, V. and Valishev, A. and Bruce, R. and Redaelli, S. and Rossi, A. and Ferrando, B. S.},
  title         = {Conceptual design of hollow electron lenses for beam halo control in the {L}arge {H}adron {C}ollider},
  institution   = {{F}ermilab, {CERN}},
  year          = {2014},
  type          = {techreport},
  number        = {FERMILAB-TM-2572-APC, CERN-ACC-2014-0248},
  month         = may,
  archiveprefix = {arXiv},
  eprint        = {1405.2033},
  keywords      = {electron lens, cdr},
  primaryclass  = {physics.acc-ph},
  url           = {http://inspirehep.net/record/1294962?ln=en},
}

@InProceedings{adt_noise_emit_2017,
  author    = {Buffat, X. and Barranco Garc{\'\i}a, J. and Pieloni, T. and Tambasco, C. and Valuch, D.},
  title     = {Observations of Emittance Growth in the Presence of External Noise in the {LHC}},
  booktitle = {{Proceedings, 8th International Particle Accelerator Conference (IPAC 2017)}},
  year      = {2017},
  number    = {TUPVA029},
  address   = {Copenhagen, Denmark},
  month     = {May},
  url       = {http://cds.cern.ch/record/2289677},
}

@Article{hel_tevatron_stancari,
  author    = {Stancari, G. and Valishev, A. and Annala, G. and Kuznetsov, G. and Shiltsev, V. and Still, D. A. and Vorobiev, L. G.},
  title     = {Collimation with Hollow Electron Beams},
  journal   = {Phys. Rev. Lett.},
  year      = {2011},
  volume    = {107},
  pages     = {084802},
  month     = aug,
  doi       = {https://doi.org/10.1103/PhysRevLett.107.084802},
  issue     = {8},
  keywords  = {electron lens, tevatron},
  numpages  = {5},
  publisher = {American Physical Society},
  url       = {https://link.aps.org/doi/10.1103/PhysRevLett.107.084802},
}

@TechReport{md_sim_hel_res_ex_fitterer,
  author      = {Fitterer, M. and Stancari, G. and Valishev, A.},
  title       = {Effect of pulsed hollow electron-lens operation on the proton beam core in {LHC}},
  institution = {Fermilab},
  year        = {2016},
  number      = {FERMILAB-TM-2635-AD},
  month       = oct,
  keywords    = {electron lens, resonant excitation, md},
  url         = {http://inspirehep.net/record/1496416},
}

@InProceedings{noise_2007_ohmi,
  author    = {Ohmi, K. and Calaga, R. and Tomas, R. and Hofle, W. and Zimmermann, F.},
  title     = {Beam-beam effect with an external noise in {LHC}},
  booktitle = {Proceedings, 22nd {P}article {A}ccelerator {C}onference ({PAC'07})},
  year      = {2007},
  volume    = {C070625},
  number    = {PAC07-TUPAN048},
  pages     = {1496},
  address   = {{A}lbuquerque, {N}ew {M}exico, {USA}},
  month     = may,
  doi       = {10.1109/PAC.2007.4440801},
  journal   = {Proceedings, 22nd {P}article {A}ccelerator {C}onference ({PAC'07})},
  keywords  = {beam-beam, noise, lhc},
  url       = {http://inspirehep.net/record/772597},
}

@article{noise_alexahin_lhc,
	Author = {Alexahin, Yuri},
	Date-Modified = {2018-02-18 23:33:35 +0000},
	Issn = {0168-9002},
	Journal = {Nuclear Instruments and Methods in Physics Research Section A: Accelerators, Spectrometers, Detectors and Associated Equipment},
	Keywords = {beam-beam, noise},
	Number = {1},
	Pages = {73 - 76},
	Title = {On the emittance growth due to noise in hadron colliders and methods of its suppression},
	Volume = {391},
	Year = {1997},
	Bdsk-Url-1 = {http://www.sciencedirect.com/science/article/pii/S0168900296011904}}

@InProceedings{noise_lebedev_ssc,
  author    = {Lebedev, V. A.},
  title     = {Emittance growth due to noise and its suppression with the feedback system in large hadron colliders},
  booktitle = {{AIP} {C}onf. {P}roc., {A}ccelerator {P}hysics at the {S}uperconducting {S}uper {C}ollider},
  year      = {1995},
  volume    = {326},
  number    = {SSCL-PREPRINT-188},
  pages     = {396-423},
  address   = {Dallas, {USA}},
  month     = apr,
  doi       = {https://dx.doi.org/10.1063/1.47298},
  keywords  = {beam-beam, noise},
  url       = {http://inspirehep.net/record/353807?ln=en},
}

@Online{helreview,
  title    = {Review on the needs for a hollow e-lens for the {HL-LHC}},
  month    = oct,
  year     = {2016},
  keywords = {electron lens, review},
  url      = {https://indico.cern.ch/event/567839/},
}

@TechReport{md1433_noise_top_energy,
  author      = {Buffat, X. and Biancacci, N. and Furuseth, S. V. and Jacquet, D. and Metral, E. and Pellegrini, D. and Pojer, M. and Trad, G. and Valuch, D. and Barranco Garcia, J. and Pieloni, T. and Tambasco, C. and Li, Q.},
  title       = {Probing the behaviour of high brightness bunches in collision at 6.5 {TeV} and the interplay with an external source of noise ({MD1433})},
  institution = {CERN},
  year        = {2017},
  number      = {CERN-ACC-NOTE-2017-0030},
  month       = apr,
  url         = {https://cds.cern.ch/record/2261037},
}

@Online{warp,
  title    = {The WARP code},
  keywords = {warp},
  url      = {http://warp.lbl.gov/},
}

@proceedings{helhcparam2011,
	Archiveprefix = {arXiv},
	Author = {Bruning, O. and Dominguez, O. and Myers, S. and Rossi, L. and Todesco, E. and Zimmermann, F.},
	Booktitle = {{Proceedings, EuCARD-AccNet-EuroLumi Workshop: The High-Energy Large Hadron Collider (HE-LHC10): Villa Bighi, Malta, Republic of Malta, October 14-16, 2010}},
	Date-Modified = {2018-02-18 23:33:35 +0000},
	Eprint = {1108.1617},
	Primaryclass = {physics.acc-ph},
	Title = {{HE-LHC beam-parameters, optics and beam-dynamics issues}},
	Year = {2011},
	Bdsk-Url-1 = {https://inspirehep.net/record/922576/files/arXiv:1108.1617.pdf}}

@Online{chamonix2017param,
  author       = {Nisbet, D.},
  title        = {2016 operation: Operational efficiency and lessons learnt},
  howpublished = {{LHC} Performance Workshop 2017},
  month        = jan,
  year         = {2017},
  keywords     = {lhc},
  organization = {CERN},
  url          = {https://indico.cern.ch/event/580313/},
}

@Book{hlcdr,
  title     = {{High-Luminosity Large Hadron Collider (HL-LHC): Technical Design Report V. 0.1}},
  publisher = {CERN},
  year      = {2017},
  author    = {Apollinari, G. and B{\'e}jar Alonso, I. and Br{\"u}ning, O. and Fessia, P. and Lamont, M. and Rossi, L. and Tavian, L.},
  series    = {CERN Yellow Reports: Monographs},
  address   = {Geneva},
  url       = {https://cds.cern.ch/record/2284929},
}

@Online{hlv13,
  title = {{HL-LHC} optics {V1.3}},
  note  = {LHC optics web},
  url   = {http://abpdata.web.cern.ch/abpdata/lhc_optics_web/www/hllhc13/round15/index.html},
}

@TechReport{bsrtprofinj,
  author      = {Fitterer, M. and Stancari, G.},
  title       = {Analysis of {BSRT} profiles in the {LHC} at injection},
  institution = {{F}ermilab},
  year        = {2017},
  number      = {FERMILAB-TM-2657-AD-APC},
  month       = jul,
  keywords    = {lhc,bsrt},
}

@TechReport{resexmd2016,
  author       = {Fitterer, M. and Stancari, G. and Valishev, A. and Bruce, R. and Papadopoulou Parthena, S. and Papotti, G. and Pellegrini, D. and Redaelli, S. and Trad, G. and Valuch, D. and Valentino, G. and Wagner, J. and Xu, C.},
  title        = {Effect of a resonant excitation on the evolution of the beam emittance and halo population},
  institution  = {CERN},
  year         = {2016},
  type         = {techreport},
  number       = {CERN-ACC-NOTE-2017-0037},
  month        = may,
  reportnumber = {CERN-ACC-NOTE-2017-0037},
  url          = {https://cds.cern.ch/record/2264616},
}

@article{lifetrac,
	Author = {Shatilov, Dmitry and Alexahin, Yuri and Lebedev, Valeri and Valishev, Alexander},
	Booktitle = {Particle accelerator. Proceedings, Conference, {PAC'05},Knoxville, USA, May 16-20, 2005},
	Date-Modified = {2018-02-18 23:33:35 +0000},
	Journal = {Conf. Proc. {PAC'05}},
	Keywords = {lifetrac},
	Number = {FERMILAB-CONF-05-246-AD, PAC-2005-TPAT084},
	Title = {{Lifetrac} code for the weak-strong simulation of the beam-beam effects in {Tevatron}},
	Year = {2005},
	Bdsk-Url-1 = {http://inspirehep.net/record/687566/files/fermilab-conf-05-246.pdf}}

@TechReport{resexmd2017,
  author       = {Fitterer, M. and Stancari, G. and Valishev, A. and Bruce, R. and Redaelli, S. and Salvachua-Ferrando, B. M. and Valuch, D. and Valentino, G. and Wagner, J. and Xu, C.},
  title        = {Effect of a resonant excitation on the evolution of the beam emittance and halo population},
  institution  = {CERN},
  year         = {2018},
  type         = {techreport},
  number       = {CERN-ACC-NOTE-2018-0007},
  month        = jan,
  reportnumber = {CERN-ACC-NOTE-2018-0007},
  url          = { https://cds.cern.ch/record/2305121},
}

@report{adt_sum_2011,
	Author = {H\"{o}fle, W and Kotzian, G and Schokker, M and Valuch, D},
	Date-Modified = {2018-02-18 23:33:35 +0000},
	Month = {Aug},
	Number = {CERN-ATS-2011-033},
	Pages = {3 p},
	Reportnumber = {CERN-ATS-2011-033},
	Title = {{LHC Damper Beam commissioning in 2010}},
	Year = {2011},
	Bdsk-Url-1 = {http://cds.cern.ch/record/1378463}}

@techreport{adt_sum_2008,
	Address = {Geneva},
	Author = {Linnecar, T and Angoletta, M E and Arnaudon, L and Baudrenghien, P and Bohl, T and Brunner, O and Butterworth, A and Ciapala, Edmond and Dubouchet, F and Ferreira-Bento, J and Glenat, D and Hagmann, G and H{\"o}fle, Wolfgang and Julie, C and Killing, F and Kotzian, G and Landre, D and Louwerse, R and Maesen, P and Martinez-Yanez, P and Molendijk, J and Montesinos, E and Nicou, C and Noirjean, J and Papotti, G and Pashnin, A and Pechaud, G and Pradier, J and Rossi, V and Sanchez-Quesada, J and Schokker, M and Shaposhnikova, E and Sorokoletev, R and Stellfeld, D and T{\"u}ckmantel, Joachim and Valuch, D and Wehrle, U and Weierud, F},
	Date-Modified = {2018-02-18 23:33:35 +0000},
	Institution = {CERN},
	Month = {Oct},
	Number = {LHC-PROJECT-Report-1172. CERN-LHC-PROJECT-Report-1172},
	Reportnumber = {LHC-PROJECT-Report-1172},
	Title = {{Hardware and Initial Beam Commissioning of the LHC RF Systems}},
	Year = {2008},
	Bdsk-Url-1 = {http://cds.cern.ch/record/1176380}}

@InProceedings{Buffat2017,
  author    = {Buffat, X. and Barranco Garc{\'\i}a, J. and Pieloni, T. and Tambasco, C. and Valuch, D.},
  title     = {Observations of Emittance Growth in the Presence of External Noise in the {LHC}},
  booktitle = {{Proceedings, 8th International Particle Accelerator Conference (IPAC 2017)}},
  year      = {2017},
  number    = {TUPVA029},
  address   = {Copenhagen, Denmark},
  month     = {May},
  url       = {http://cds.cern.ch/record/2289677},
}

@Online{hel_res_field_stancari_2017,
  author       = {Stancari, G.},
  title        = {Electron-beam simulations: electron-gun emission and residual fields from measured profiles},
  howpublished = {HEL Electron Beam results discussion},
  month        = jan,
  year         = {2018},
  keywords     = {electron lens, residual field},
  url          = {https://indico.cern.ch/event/698949/},
}

@Online{hel_test_stand_fnal,
  title = {Wiki: Electron lens test stand},
  url   = {https://cdcvs.fnal.gov/redmine/projects/elens/wiki/Test_Stand},
}

@TechReport{hel_halo_hllhc_fitterer,
  author      = {Fitterer, M. and Stancari, G. and Valishev, A.},
  title       = {Simulation Study of Hollow Electron Beam Collimation in {HL-LHC}},
  institution = {Fermilab},
  year        = {2016},
  type        = {techreport},
  number      = {FERMILAB-TM-2636-AD},
  month       = oct,
  keywords    = {halo, electron lens, hl-lhc, lhc},
  url         = {http://inspirehep.net/record/1492682},
}

@InProceedings{hl_halo_ipac2017,
  author       = {Fitterer, M. and Stancari, G. and Valishev, A. and De Maria, R. and Redaelli, S. and Sjobak, K. and Wagner, J. F.},
  title        = {Implementation of Hollow Electron Lenses in {SixTrack} and First Simulation Results for the {HL-LHC}},
  booktitle    = {{Proceedings, 8th International Particle Accelerator Conference (IPAC 2017)}},
  year         = {2017},
  number       = {THPAB041},
  address      = {Copenhagen, Denmark},
  month        = may,
  bdsk-url-1   = {http://lss.fnal.gov/archive/2017/conf/fermilab-conf-17-197-ad.pdf},
  reportnumber = {FERMILAB-CONF-17-197-AD},
  url          = {https://dx.doi.org/10.18429/JACoW-IPAC2017-THPAB041},
}

@Proceedings{IPAC:2012,
  title     = {Proceedings of the 2012 {I}nternational {P}article {A}ccelerator {C}onference ({IPAC12})},
  year      = {2012},
  address   = {New Orleans, USA, May 20--25, 2016},
  publisher = {JACoW},
  month     = jun,
  booktitle = {Proceedings of the 2012 {I}nternational {P}article {A}ccelerator {C}onference ({IPAC12})},
  url       = {https://accelconf.web.cern.ch/accelconf/IPAC2012/},
}

@Proceedings{IPAC:2016,
  title         = {Proceedings of the 2016 {I}nternational {P}article {A}ccelerator {C}onference ({IPAC16})},
  year          = {2016},
  editor        = {Petit-Jean-Genaz, Christine and Kim, Dong Eon and Kim, Kyung Sook and Ko, In Soo and Kim, Kyung Ryul and Schaa, Volker R. W.},
  address       = {Busan, Korea, May 8--13, 2016},
  publisher     = {JACoW},
  month         = {June},
  bdsk-url-1    = {http://accelconf.web.cern.ch/AccelConf/ipac2016},
  booktitle     = {Proceedings of the 2016 {I}nternational {P}article {A}ccelerator {C}onference ({IPAC16})},
  date-added    = {2016-12-22 21:24:07 +0000},
  date-modified = {2016-12-22 21:26:38 +0000},
  url           = {http://accelconf.web.cern.ch/AccelConf/ipac2016},
}

@InProceedings{fmalaskar,
  author    = {Laskar, J.},
  title     = {{F}requency {M}ap {A}nalysis and Particle Accelerators},
  booktitle = {Proceedings, {P}article {A}ccelerator {C}onference ({PAC'03})},
  year      = {2003},
  volume    = {C030512},
  number    = {PAC03-WOAB001},
  pages     = {378},
  address   = {Portland, {USA}},
  month     = may,
  url       = {http://inspirehep.net/record/640927},
}

@Comment{jabref-meta: databaseType:bibtex;}
